@article{Zwicky:1933,
	author = "Zwicky, F.",
	title = "{Die Rotverschiebung von extragalaktischen Nebeln}",
	journal = "Helvetica Physica Acta",
	volume = 6,
	year = 1933,
	pages = 110,
}

@ARTICLE{1939LicOB..19...41B,
   author = {{Babcock}, H.~W.},
    title = "{The rotation of the Andromeda Nebula}",
  journal = {Lick Observatory Bulletin},
 keywords = {ANDROMEDA GALAXY},
     year = 1939,
   volume = 19,
    pages = {41-51},
      doi = {10.5479/ADS/bib/1939LicOB.19.41B},
   adsurl = {https://ui.adsabs.harvard.edu/abs/1939LicOB..19...41B},
  adsnote = {Provided by the SAO/NASA Astrophysics Data System}
}

@article{Begeman:1991iy,
      author         = "Begeman, K. G. and Broeils, A. H. and Sanders, R. H.",
      title          = "{Extended rotation curves of spiral galaxies: Dark haloes
                        and modified dynamics}",
      journal        = "Mon. Not. Roy. Astron. Soc.",
      volume         = "249",
      year           = "1991",
      pages          = "523",
      SLACcitation   = "%%CITATION = MNRAA,249,523;%%"
}

@article{Zwicky:1937,
	author = "Zwicky, F.",
	title = "{On the Masses of Nebulae and of Clusters of Nebulae}",
	journal = "Astrophysical Journal",
	volume = 86,
	year = 1937,
	pages = 217,
}

@article{Trimble:1987ee,
      author         = "Trimble, Virginia",
      title          = "{Existence and Nature of Dark Matter in the Universe}",
      journal        = "Ann. Rev. Astron. Astrophys.",
      volume         = "25",
      year           = "1987",
      pages          = "425-472",
      doi            = "10.1146/annurev.aa.25.090187.002233",
      SLACcitation   = "%%CITATION = ARAAA,25,425;%%"
}

@article{Jungman:1995av,
      author         = "Jungman, Gerard and Kamionkowski, Marc and Kosowsky,
                        Arthur and Spergel, David N.",
      title          = "{Weighing the universe with the cosmic microwave
                        background}",
      journal        = "Phys. Rev. Lett.",
      volume         = "76",
      year           = "1996",
      pages          = "1007-1010",
      doi            = "10.1103/PhysRevLett.76.1007",
      eprint         = "astro-ph/9507080",
      archivePrefix  = "arXiv",
      primaryClass   = "astro-ph",
      reportNumber   = "CU-TP-703, SU-4240-614, POP-629, CFA-4136",
      SLACcitation   = "%%CITATION = ASTRO-PH/9507080;%%"
}

@article{Jungman:1995bz,
      author         = "Jungman, Gerard and Kamionkowski, Marc and Kosowsky,
                        Arthur and Spergel, David N.",
      title          = "{Cosmological parameter determination with microwave
                        background maps}",
      journal        = "Phys. Rev.",
      volume         = "D54",
      year           = "1996",
      pages          = "1332-1344",
      doi            = "10.1103/PhysRevD.54.1332",
      eprint         = "astro-ph/9512139",
      archivePrefix  = "arXiv",
      primaryClass   = "astro-ph",
      reportNumber   = "CU-TP-719, CFA-4237",
      SLACcitation   = "%%CITATION = ASTRO-PH/9512139;%%"
}

@article{Aghanim:2018eyx,
      author         = "Aghanim, N. and others",
      title          = "{Planck 2018 results. VI. Cosmological parameters}",
      collaboration  = "Planck",
      year           = "2018",
      eprint         = "1807.06209",
      archivePrefix  = "arXiv",
      primaryClass   = "astro-ph.CO",
      SLACcitation   = "%%CITATION = ARXIV:1807.06209;%%"
}

@article{Belanger:2001fz,
      author         = "Belanger, G. and Boudjema, F. and Pukhov, A. and Semenov,
                        A.",
      title          = "{MicrOMEGAs: A Program for calculating the relic density
                        in the MSSM}",
      journal        = "Comput. Phys. Commun.",
      volume         = "149",
      year           = "2002",
      pages          = "103-120",
      doi            = "10.1016/S0010-4655(02)00596-9",
      eprint         = "hep-ph/0112278",
      archivePrefix  = "arXiv",
      primaryClass   = "hep-ph",
      reportNumber   = "LAPTH-881-01",
      SLACcitation   = "%%CITATION = HEP-PH/0112278;%%"
}

@article{Belanger:2018mqt,
      author         = "B{\'{e}}langer, Genevi{\'{e}}ve and Boudjema, Fawzi and Goudelis,
                        Andreas and Pukhov, Alexander and Zaldivar, Bryan",
      title          = "{micrOMEGAs5.0 : Freeze-in}",
      journal        = "Comput. Phys. Commun.",
      volume         = "231",
      year           = "2018",
      pages          = "173-186",
      doi            = "10.1016/j.cpc.2018.04.027",
      eprint         = "1801.03509",
      archivePrefix  = "arXiv",
      primaryClass   = "hep-ph",
      SLACcitation   = "%%CITATION = ARXIV:1801.03509;%%"
}

@article{Gondolo:1990dk,
      author         = "Gondolo, Paolo and Gelmini, Graciela",
      title          = "{Cosmic abundances of stable particles: Improved
                        analysis}",
      journal        = "Nucl. Phys.",
      volume         = "B360",
      year           = "1991",
      pages          = "145-179",
      doi            = "10.1016/0550-3213(91)90438-4",
      reportNumber   = "UCLA-90-TEP-68",
      SLACcitation   = "%%CITATION = NUPHA,B360,145;%%"
}

@book{Wess:320631,
      author        = "Wess, Julius and Bagger, Jonathan A",
      title         = "{Supersymmetry and supergravity; 2nd ed.}",
      publisher     = "Princeton Univ. Press",
      address       = "Princeton, NJ",
      series        = "Princeton Series in Physics",
      year          = "1992",
      url           = "https://cds.cern.ch/record/320631",
}

@article{Martin:1997ns,
      author         = "Martin, Stephen P.",
      title          = "{A Supersymmetry primer}",
      year           = "1997",
      pages          = "1-98",
      doi            = "10.1142/9789812839657_0001, 10.1142/9789814307505_0001",
      note           = "[Adv. Ser. Direct. High Energy Phys.18,1(1998)]",
      eprint         = "hep-ph/9709356",
      archivePrefix  = "arXiv",
      primaryClass   = "hep-ph",
      reportNumber   = "FERMILAB-PUB-97-425-T",
      SLACcitation   = "%%CITATION = HEP-PH/9709356;%%"
}

@article{Cirelli:2005uq,
      author         = "Cirelli, Marco and Fornengo, Nicolao and Strumia,
                        Alessandro",
      title          = "{Minimal dark matter}",
      journal        = "Nucl. Phys.",
      volume         = "B753",
      year           = "2006",
      pages          = "178-194",
      doi            = "10.1016/j.nuclphysb.2006.07.012",
      eprint         = "hep-ph/0512090",
      archivePrefix  = "arXiv",
      primaryClass   = "hep-ph",
      reportNumber   = "DFTT40-2005, IFUP-TH-2005-34",
      SLACcitation   = "%%CITATION = HEP-PH/0512090;%%"
}

@article{Cirelli:2007xd,
      author         = "Cirelli, Marco and Strumia, Alessandro and Tamburini,
                        Matteo",
      title          = "{Cosmology and Astrophysics of Minimal Dark Matter}",
      journal        = "Nucl. Phys.",
      volume         = "B787",
      year           = "2007",
      pages          = "152-175",
      doi            = "10.1016/j.nuclphysb.2007.07.023",
      eprint         = "0706.4071",
      archivePrefix  = "arXiv",
      primaryClass   = "hep-ph",
      reportNumber   = "IFUP-TH-2007-12, SACLAY-T07-052",
      SLACcitation   = "%%CITATION = ARXIV:0706.4071;%%"
}

@article{Cirelli:2009uv,
      author         = "Cirelli, Marco and Strumia, Alessandro",
      title          = "{Minimal Dark Matter: Model and results}",
      journal        = "New J. Phys.",
      volume         = "11",
      year           = "2009",
      pages          = "105005",
      doi            = "10.1088/1367-2630/11/10/105005",
      eprint         = "0903.3381",
      archivePrefix  = "arXiv",
      primaryClass   = "hep-ph",
      reportNumber   = "IFUP-TH-2009-04, SACLAY-T09-010",
      SLACcitation   = "%%CITATION = ARXIV:0903.3381;%%"
}

@article{Farina:2013mla,
      author         = "Farina, Marco and Pappadopulo, Duccio and Strumia,
                        Alessandro",
      title          = "{A modified naturalness principle and its experimental
                        tests}",
      journal        = "JHEP",
      volume         = "08",
      year           = "2013",
      pages          = "022",
      doi            = "10.1007/JHEP08(2013)022",
      eprint         = "1303.7244",
      archivePrefix  = "arXiv",
      primaryClass   = "hep-ph",
      SLACcitation   = "%%CITATION = ARXIV:1303.7244;%%"
}

@article{ArkaniHamed:2006mb,
      author         = "Arkani-Hamed, N. and Delgado, A. and Giudice, G. F.",
      title          = "{The Well-tempered neutralino}",
      journal        = "Nucl. Phys.",
      volume         = "B741",
      year           = "2006",
      pages          = "108-130",
      doi            = "10.1016/j.nuclphysb.2006.02.010",
      eprint         = "hep-ph/0601041",
      archivePrefix  = "arXiv",
      primaryClass   = "hep-ph",
      reportNumber   = "CERN-PH-TH-2005-260",
      SLACcitation   = "%%CITATION = HEP-PH/0601041;%%"
}

@article{Hisano:2006nn,
      author         = "Hisano, Junji and Matsumoto, Shigeki and Nagai, Minoru
                        and Saito, Osamu and Senami, Masato",
      title          = "{Non-perturbative effect on thermal relic abundance of
                        dark matter}",
      journal        = "Phys. Lett.",
      volume         = "B646",
      year           = "2007",
      pages          = "34-38",
      doi            = "10.1016/j.physletb.2007.01.012",
      eprint         = "hep-ph/0610249",
      archivePrefix  = "arXiv",
      primaryClass   = "hep-ph",
      reportNumber   = "KEK-TH-1111",
      SLACcitation   = "%%CITATION = HEP-PH/0610249;%%"
}

@article{Moroi:2013sla,
      author         = "Moroi, Takeo and Nagai, Minoru and Takimoto, Masahiro",
      title          = "{Non-Thermal Production of Wino Dark Matter via the Decay
                        of Long-Lived Particles}",
      journal        = "JHEP",
      volume         = "07",
      year           = "2013",
      pages          = "066",
      doi            = "10.1007/JHEP07(2013)066",
      eprint         = "1303.0948",
      archivePrefix  = "arXiv",
      primaryClass   = "hep-ph",
      reportNumber   = "UT-13-04",
      SLACcitation   = "%%CITATION = ARXIV:1303.0948;%%"
}

@article{Beneke:2016ync,
      author         = "Beneke, M. and Bharucha, A. and Dighera, F. and Hellmann,
                        C. and Hryczuk, A. and Recksiegel, S. and Ruiz-Femenia,
                        P.",
      title          = "{Relic density of wino-like dark matter in the MSSM}",
      journal        = "JHEP",
      volume         = "03",
      year           = "2016",
      pages          = "119",
      doi            = "10.1007/JHEP03(2016)119",
      eprint         = "1601.04718",
      archivePrefix  = "arXiv",
      primaryClass   = "hep-ph",
      reportNumber   = "TUM-HEP-1033-15",
      SLACcitation   = "%%CITATION = ARXIV:1601.04718;%%"
}

@article{Hisano:2004ds,
      author         = "Hisano, Junji and Matsumoto, Shigeki. and Nojiri, Mihoko
                        M. and Saito, Osamu",
      title          = "{Non-perturbative effect on dark matter annihilation and
                        gamma ray signature from galactic center}",
      journal        = "Phys. Rev.",
      volume         = "D71",
      year           = "2005",
      pages          = "063528",
      doi            = "10.1103/PhysRevD.71.063528",
      eprint         = "hep-ph/0412403",
      archivePrefix  = "arXiv",
      primaryClass   = "hep-ph",
      reportNumber   = "ICRR-REPORT-513-2004-11, YITP-04-73",
      SLACcitation   = "%%CITATION = HEP-PH/0412403;%%"
}